
@article{denmark_pandemics,
  author =        {Asger Lau Andersen and Emil Toft Hansen and Niels Johannesen and Adam Sheridan},
  journal =   {Covid Economics},
  volume =        {7},
  pages =         {88--111},
  title =         {Consumer Responses to the COVID-19 Crisis: Evidence from Bank Account Transaction Data},
  year =          {2020},
}

@techreport{hkpMemory,
 title = {On the Welfare Cost of Consumption Fluctuations in the Presence of Memorable Goods},
 author = {Hai, Rong and Krueger, Dirk and Postlewaite, Andrew},
 institution = {National Bureau of Economic Research},
 type = {working paper},
 number = {19386},
 year = {2013},
}
